%% This BibTeX bibliography file was created using BibDesk.
%% http://bibdesk.sourceforge.net/


%% Created for Mark Madsen at 2015-02-28 13:53:03 -0800 


%% Saved with string encoding Unicode (UTF-8) 



@article{ewens2008commentary,
	Author = {Ewens, Warren J},
	Date-Added = {2014-04-22 23:25:18 +0000},
	Date-Modified = {2014-04-22 23:25:18 +0000},
	Journal = {International journal of epidemiology},
	Number = {3},
	Pages = {447--451},
	Publisher = {IEA},
	Title = {Commentary: On Haldane's defense of beanbag genetics},
	Volume = {37},
	Year = {2008}}

@article{eerkens2005cultural,
	Author = {Eerkens, J.W. and Lipo, C.P.},
	Date-Added = {2014-04-18 19:21:47 +0000},
	Date-Modified = {2014-04-18 19:21:47 +0000},
	Issn = {0278-4165},
	Journal = {Journal of Anthropological Archaeology},
	Number = {4},
	Pages = {316--334},
	Publisher = {Elsevier},
	Title = {Cultural transmission, copying errors, and the generation of variation in material culture and the archaeological record},
	Volume = {24},
	Year = {2005}}

@book{xie2013dynamic,
	Author = {Xie, Yihui},
	Date-Added = {2014-04-11 18:30:01 +0000},
	Date-Modified = {2014-04-11 18:30:01 +0000},
	Publisher = {CRC Press},
	Title = {Dynamic Documents with R and knitr},
	Year = {2013}}

@book{Ewens2004,
	Author = {Ewens, Warren J},
	Date-Added = {2014-04-11 18:20:30 +0000},
	Date-Modified = {2014-04-11 18:20:30 +0000},
	Edition = {2nd},
	Publisher = {New York, Springer},
	Title = {Mathematical Population Genetics, Volume 1: Theoretical Introduction},
	Year = {2004}}

@book{national2012Assessing,
	Author = {{Committee on Mathematical Foundations of Verification Validation and Uncertainty Quantification, National Research Council}},
	Date-Added = {2013-12-20 23:51:01 +0000},
	Date-Modified = {2013-12-20 23:51:01 +0000},
	Isbn = {9780309256346},
	Publisher = {The National Academies Press},
	Title = {Assessing the Reliability of Complex Models: Mathematical and Statistical Foundations of Verification, Validation, and Uncertainty Quantification},
	Url = {http://www.nap.edu/openbook.php?record_id=13395},
	Year = {2012},
	Bdsk-Url-1 = {http://www.nap.edu/openbook.php?record_id=13395}}

@article{Ferguson:2008ce,
	Author = {Ferguson, Jeffrey R},
	Date-Added = {2013-12-16 22:18:57 +0000},
	Date-Modified = {2013-12-16 22:18:57 +0000},
	Journal = {Journal of Archaeological Method and Theory},
	Month = jan,
	Number = {1},
	Pages = {51--67},
	Title = {{The When, Where, and How of Novices in Craft Production}},
	Volume = {15},
	Year = {2008}}

@article{eerkens2007cultural,
	Author = {Eerkens, J.W. and Lipo, C.P.},
	Date-Added = {2013-11-17 21:35:26 +0000},
	Date-Modified = {2013-11-17 21:35:26 +0000},
	Issn = {1059-0161},
	Journal = {Journal of Archaeological Research},
	Number = {3},
	Pages = {239--274},
	Publisher = {Springer},
	Title = {Cultural transmission theory and the archaeological record: providing context to understanding variation and temporal changes in material culture},
	Volume = {15},
	Year = {2007}}

@book{CF1981,
	Address = {Princeton},
	Author = {Cavalli-Sforza, L.L. and Feldman, Marcus W.},
	Date-Added = {2013-11-17 21:29:42 +0000},
	Date-Modified = {2013-11-17 21:29:42 +0000},
	Publisher = {Princeton University Press},
	Title = {Cultural Transmission and Evolution: A Quantitative Approach.},
	Year = {1981}}

@book{BR1985,
	Address = {Chicago},
	Author = {Boyd, R. and Richerson, P.J.},
	Date-Added = {2013-11-17 21:29:33 +0000},
	Date-Modified = {2013-11-17 21:29:33 +0000},
	Publisher = {University of Chicago Press},
	Title = {Culture and the Evolutionary Process},
	Year = {1985}}

@article{Fujie:2012cn,
	Author = {Fujie, Ryo and Aihara, Kazuyuki and Masuda, Naoki},
	Date-Added = {2013-11-10 01:13:07 +0000},
	Date-Modified = {2013-11-10 01:14:21 +0000},
	Doi = {10.1007/s10955-012-0613-8},
	File = {{Journal_of_Statistical_Physics_2012_Fujie.pdf:/Users/mark/Dropbox/Papers2/2012/Fujie/Journal_of_Statistical_Physics_2012_Fujie.pdf:application/pdf}},
	Journal = {Journal of Statistical Physics},
	Language = {English},
	Local-Url = {file://localhost/Users/mark/Dropbox/Papers2/2012/Fujie/Journal_of_Statistical_Physics_2012_Fujie.pdf},
	Number = {1-2},
	Pages = {289--303},
	Rating = {0},
	Title = {{A Model of Competition Among More than Two Languages}},
	Uri = {\url{papers2://publication/doi/10.1007/s10955-012-0613-8}},
	Url = {http://link.springer.com/10.1007/s10955-012-0613-8},
	Volume = {151},
	Year = {2012},
	Bdsk-File-1 = {YnBsaXN0MDDUAQIDBAUGJCVYJHZlcnNpb25YJG9iamVjdHNZJGFyY2hpdmVyVCR0b3ASAAGGoKgHCBMUFRYaIVUkbnVsbNMJCgsMDxJXTlMua2V5c1pOUy5vYmplY3RzViRjbGFzc6INDoACgAOiEBGABIAFgAdccmVsYXRpdmVQYXRoWWFsaWFzRGF0YV8QTi4uLy4uL0Ryb3Bib3gvUGFwZXJzMi8yMDEyL0Z1amllL0pvdXJuYWxfb2ZfU3RhdGlzdGljYWxfUGh5c2ljc18yMDEyX0Z1amllLnBkZtIXCxgZV05TLmRhdGFPEQIWAAAAAAIWAAIAAAxNYWNpbnRvc2ggSEQAAAAAAAAAAAAAAAAAAADL4UdwSCsAAAMxzCsfSm91cm5hbF9vZl9TdGF0aXN0aSNEMEREOTMwLnBkZgAAAAAAAAAAAAAAAAAAAAAAAAAAAAAAAAAAAAAAAAAADQ3ZMM2FT1MAAAAAAAAAAAACAAUAAAkgAAAAAAAAAAAAAAAAAAAABUZ1amllAAAQAAgAAMvhqeAAAAARAAgAAM2FscMAAAABABgDMcwrAAdH7AAHOr0ABy9bAAX6HwAAwCkAAgBYTWFjaW50b3NoIEhEOlVzZXJzOgBtYXJrOgBEcm9wYm94OgBQYXBlcnMyOgAyMDEyOgBGdWppZToASm91cm5hbF9vZl9TdGF0aXN0aSNEMEREOTMwLnBkZgAOAFwALQBKAG8AdQByAG4AYQBsAF8AbwBmAF8AUwB0AGEAdABpAHMAdABpAGMAYQBsAF8AUABoAHkAcwBpAGMAcwBfADIAMAAxADIAXwBGAHUAagBpAGUALgBwAGQAZgAPABoADABNAGEAYwBpAG4AdABvAHMAaAAgAEgARAASAFNVc2Vycy9tYXJrL0Ryb3Bib3gvUGFwZXJzMi8yMDEyL0Z1amllL0pvdXJuYWxfb2ZfU3RhdGlzdGljYWxfUGh5c2ljc18yMDEyX0Z1amllLnBkZgAAEwABLwAAFQACAAv//wAAgAbSGxwdHlokY2xhc3NuYW1lWCRjbGFzc2VzXU5TTXV0YWJsZURhdGGjHR8gVk5TRGF0YVhOU09iamVjdNIbHCIjXE5TRGljdGlvbmFyeaIiIF8QD05TS2V5ZWRBcmNoaXZlctEmJ1Ryb290gAEACAARABoAIwAtADIANwBAAEYATQBVAGAAZwBqAGwAbgBxAHMAdQB3AIQAjgDfAOQA7AMGAwgDDQMYAyEDLwMzAzoDQwNIA1UDWANqA20DcgAAAAAAAAIBAAAAAAAAACgAAAAAAAAAAAAAAAAAAAN0},
	Bdsk-Url-1 = {http://link.springer.com/10.1007/s10955-012-0613-8},
	Bdsk-Url-2 = {http://dx.doi.org/10.1007/s10955-012-0613-8}}

@article{dybiec2012axelrod,
	Author = {Dybiec, Bartlomiej and Mitarai, Namiko and Sneppen, Kim},
	Date-Added = {2013-07-28 19:11:03 +0000},
	Date-Modified = {2013-07-28 19:11:03 +0000},
	Journal = {The European Physical Journal B},
	Number = {10},
	Pages = {1--5},
	Publisher = {Springer},
	Title = {Axelrod model: accepting or discussing},
	Volume = {85},
	Year = {2012}}

@article{flache2006sustains,
	Author = {Flache, Andreas and Macy, Michael W},
	Date-Added = {2013-07-28 19:11:03 +0000},
	Date-Modified = {2013-07-28 19:11:03 +0000},
	Journal = {arXiv preprint physics/0604201},
	Title = {What sustains cultural diversity and what undermines it? Axelrod and beyond},
	Year = {2006}}

@article{fortunato2005vector,
	Author = {Fortunato, Santo and Latora, Vito and Pluchino, Alessandro and Rapisarda, Andrea},
	Date-Added = {2013-07-28 19:11:03 +0000},
	Date-Modified = {2013-07-28 19:11:03 +0000},
	Journal = {International Journal of Modern Physics C},
	Number = {10},
	Pages = {1535--1551},
	Publisher = {World Scientific},
	Title = {Vector opinion dynamics in a bounded confidence consensus model},
	Volume = {16},
	Year = {2005}}
